=LDR  03380cas a22007937a 4500
=001  019248059
=003  Uk
=005  20230511094918.0
=006  m\\\\\\\\d\|||||||
=007  cr\|||||||||||
=008  190208c20149999gw\qr\p\\\\\\\0\\\b0ger\\
=FMT  \\$a  SE
=022  \\$a2296-5386
=040  \\$aUk$beng$cUk
=222  \0$aKarger Kompass. Onkologie$b(Internet)
=245  00$aKarger Kompass.$pOnkologie
=246  1\$iMinor title change:$aKompass.$pOnkologie,$f2020-
=264  \1$aFreiburg :$bS. Karger GmbH,$c2014-
=336  \\$atext$2rdacontent
=337  \\$acomputer$2rdamedia
=338  \\$aonline resource$2rdacarrier
=588  \\$aLatest issue consulted: volume 7, issue 3 (2020) (PDF, viewed November 13, 2020).
=540  \\$aCurrent copyright fee: GBP35.00$c24\0$5Uk
=859  \\$aXLD$bejournal$cSFX
=856  \\$31850-9999$uhttp://www.karger.com/$xBLDSS
=852  \\$aBritish Library$bDSC$j5085.835030$3Volume 7:Issue 1(2020)-Volume 9:Issue 4(2022)***Perpetual access from Vol 1 (2014)
=945  \\$aKarger Kompass Onkologie
=959  \\$fCurrently available
=979  \\$aBritish Library$bDSC$j5085.835030
=985  \\$a3rd party access title for Remote supply please retain as base record when merging/deleting
=CAT  \\$a5552$b40$c20190208$lBLL01$h1348
=CAT  \\$aBLDSS-3PM$b00$c20190212$lBLL01$h1627
=CAT  \\$aBATCH-UPD$b00$c20190212$lBLL01$h1630
=CAT  \\$aBATCH-UPD$b00$c20190829$lBLL01$h1538
=CAT  \\$aIPL-CLA$c20190930$lBLL01$h1659
=CAT  \\$a12654$b40$c20200116$lBLL01$h0938
=CAT  \\$aBATCH-UPD$b40$c20200219$lBLL01$h1520
=CAT  \\$aIPL-CLA$c20200331$lBLL01$h1639
=CAT  \\$aBATCH-UPD$b00$c20200522$lBLL01$h1505
=CAT  \\$aIPL-CLA$c20200701$lBLL01$h0125
=CAT  \\$a10806$b40$c20201103$lBLL01$h1311
=CAT  \\$a8055$b40$c20201106$lBLL01$h1412
=CAT  \\$a10806$b40$c20201113$lBLL01$h1129
=CAT  \\$aBATCH-UPD$b40$c20201126$lBLL01$h1124
=CAT  \\$aIPL-CLA$c20201231$lBLL01$h1534
=CAT  \\$aBATCH-UPD$b00$c20210226$lBLL01$h1046
=CAT  \\$aIPL-CLA$c20210331$lBLL01$h1704
=CAT  \\$aBATCH-UPD$b00$c20210707$lBLL01$h1610
=CAT  \\$aIPL-CLA$c20210707$lBLL01$h1845
=CAT  \\$aBATCH-UPD$b00$c20220520$lBLL01$h1649
=CAT  \\$aIPL-CLA$c20220630$lBLL01$h1541
=CAT  \\$aBATCH-UPD$b00$c20220824$lBLL01$h0915
=CAT  \\$aIPL-CLA$c20220930$lBLL01$h1430
=CAT  \\$a12654$b40$c20230511$lBLL01$h0949
=CFI  0\$aCurrent copyright fee: GBP35.00$c24\0$e01-oct-2022$fGBP35.00$g0$hP$5Uk
=CFI  2\$aPrevious copyright fee: GBP33.60$c24\0$e01-jul-2022$fGBP33.60$g0$hP$5Uk
=FFP  \\$aY$bBLDSS-3PM
=FIN  \\$aY$d20201113
=MNI  \\$a2296-5416
=TOC  \\$aETOC
=UNO  \\$aY
=ACF  \\$aPrevious copyright fee: GBP30.38$c24\0$e08-feb-2019$fGBP30.38$g0$hP$5Uk
=ACF  \\$aPrevious copyright fee: GBP31.60$c24\0$e01-oct-2019$fGBP31.60$g0$hP$5Uk
=ACF  \\$aPrevious copyright fee: GBP30.38$c24\0$e01-apr-2020$fGBP30.38$g0$hP$5Uk
=ACF  \\$aPrevious copyright fee: GBP31.60$c24\0$e01-jul-2020$fGBP31.60$g0$hP$5Uk
=ACF  \\$aPrevious copyright fee: GBP33.60$c24\0$e01-jan-2021$fGBP33.60$g0$hP$5Uk
=ACF  \\$aPrevious copyright fee: GBP31.11$c24\0$e01-apr-2021$fGBP31.11$g0$hP$5Uk
=ACF  \\$aPrevious copyright fee: GBP30.00$c24\0$e07-jul-2021$fGBP30.00$g0$hP$5Uk
=LAS  \\$a12654$b40$c20230511$lBLL01$h0949

