=LDR  02176cas a2200589 i 4500
=001  020142764
=003  Uk
=005  20230511093147.0
=006  m\\\\\\\\d\\\\\\\\
=007  cr\|||||||||||
=008  210324c\\\\9999\\\\\\p\s\\\\\0\\\a0eng\\
=FMT  \\$a  SE
=022  \\$y2673-5199
=040  \\$aUk$beng$cUk$erda
=082  04$a613.2$223
=245  00$aKompass Nutrition & Dietetics
=264  \1$aFreiburg$bKarger$c[2021]
=336  \\$atext$2rdacontent
=337  \\$acomputer$2rdamedia
=338  \\$aonline resource$2rdacarrier
=538  \\$aMode of access: World Wide Web.
=540  \\$aCurrent copyright fee: GBP35.00$c24\0$5Uk
=856  \\$31850-9999$uhttp://www.karger.com/$xBLDSS
=859  \\$aXLD$bejournal$cSFX
=852  \\$aBritish Library$bDSC$j5105.624550$3Volume 1:Issue 2(2021)-Volume 2:Issue 2(2022)***Perpetual access from (1988)-
=945  \\$aKompass Nutrition and Dietetics
=959  \\$fCurrently available
=979  \\$aBritish Library$bDSC$j5105.624550
=CAT  \\$a12654$b40$c20210324$lBLL01$h1334
=CAT  \\$aBATCH-UNOA$c20210330$lBLL01$h2106
=CAT  \\$aBLDSS-3PM$b00$c20210331$lBLL01$h1515
=CAT  \\$aBATCH-UPD$b00$c20210331$lBLL01$h1516
=CAT  \\$a5410$b40$c20210331$lBLL01$h1947
=CAT  \\$a5552$b40$c20210611$lBLL01$h0918
=CAT  \\$a8055$b40$c20210623$lBLL01$h1127
=CAT  \\$a5552$b40$c20210727$lBLL01$h0843
=CAT  \\$aBATCH-UPD$b40$c20220520$lBLL01$h1649
=CAT  \\$aIPL-CLA$c20220630$lBLL01$h1541
=CAT  \\$aBATCH-UPD$b00$c20220824$lBLL01$h0915
=CAT  \\$aIPL-CLA$c20220930$lBLL01$h1430
=CAT  \\$a12654$b40$c20230511$lBLL01$h0927
=CAT  \\$a12654$b40$c20230511$lBLL01$h0931
=CFI  0\$aCurrent copyright fee: GBP35.00$c24\0$e01-oct-2022$fGBP35.00$g0$hP$5Uk
=CFI  2\$aPrevious copyright fee: GBP33.60$c24\0$e01-jul-2022$fGBP33.60$g0$hP$5Uk
=EST  \\$a1
=FFP  \\$aY$bBLDSS-3PM
=MNI  \\$a2673-5180
=TOC  \\$aETOC
=UNO  \\$aY
=ACF  \\$aPrevious copyright fee: GBP33.60$c24\0$e24-mar-2021$fGBP33.60$g0$hP$5Uk
=ACF  \\$aPrevious copyright fee: GBP30.00$c24\0$e27-jul-2021$fGBP30.00$g0$hP$5Uk
=LAS  \\$a12654$b40$c20230511$lBLL01$h0931

