=LDR  03151cas a2200781 i 4500
=001  019675557
=003  Uk
=005  20230327094657.0
=006  m\\\\\\\\d\\\\\\\\
=007  cr\|||||||||||
=008  200116c20199999gw\qr\p\s\\\\\0\\\b0ger\\
=FMT  \\$a  SE
=022  \\$a2624-8476$l2624-8468
=040  \\$aUk$beng$cUk$erda
=222  \0$aKarger Kompass. Autoimmun$b(Internet)
=245  00$aKarger Kompass.$pAutoimmun.
=246  1\$iMinor title change:$aKompass.$pAutoimmun,$f2020-
=264  \1$aFreiburg :$bS. Karger
=336  \\$atext$2rdacontent
=337  \\$acomputer$2rdamedia
=338  \\$aonline resource$2rdacarrier
=362  0\$aVol, 1, no 1 (2019)-
=538  \\$aMode of access: World Wide Web.
=588  \\$aLatest issue consulted: volume 2, issue 4 (2020) (PDF, viewed November 13, 2020).
=540  \\$aCurrent copyright fee: GBP37.92$c24\0$5Uk
=856  \\$31850-9999$uhttp://www.karger.com/$xBLDSS
=859  \\$aXLD$bejournal$cSFX
=852  \\$aBritish Library$bDSC$j5085.834800$3Volume 2:Issue 1(2020)-Volume 4:Issue 4(2022)***Perpetual access from Vol. 1 (2019)
=945  \\$aKarger Kompass Autoimmun
=959  \\$fCurrently available
=979  \\$aBritish Library$bDSC$j5085.834800
=CAT  \\$a12654$b40$c20200116$lBLL01$h0850
=CAT  \\$aBLDSS-3PM$b00$c20200124$lBLL01$h0859
=CAT  \\$aBATCH-UPD$b00$c20200124$lBLL01$h0902
=CAT  \\$aBATCH-UPD$b00$c20200219$lBLL01$h1523
=CAT  \\$aIPL-CLA$c20200331$lBLL01$h1639
=CAT  \\$aBATCH-UPD$b00$c20200522$lBLL01$h1508
=CAT  \\$aIPL-CLA$c20200701$lBLL01$h0126
=CAT  \\$a10806$b40$c20201103$lBLL01$h1310
=CAT  \\$a10806$b40$c20201113$lBLL01$h1123
=CAT  \\$a10806$b40$c20201113$lBLL01$h1140
=CAT  \\$aBATCH-UPD$b40$c20210226$lBLL01$h1050
=CAT  \\$aIPL-CLA$c20210331$lBLL01$h1704
=CAT  \\$aBATCH-UPD$b00$c20210707$lBLL01$h1614
=CAT  \\$aIPL-CLA$c20210707$lBLL01$h1845
=CAT  \\$a5552$b40$c20210727$lBLL01$h0838
=CAT  \\$a5552$b40$c20210727$lBLL01$h0909
=CAT  \\$aBATCH-UPD$b40$c20220520$lBLL01$h1653
=CAT  \\$aIPL-CLA$c20220630$lBLL01$h1541
=CAT  \\$aBATCH-UPD$b00$c20220824$lBLL01$h0918
=CAT  \\$aIPL-CLA$c20220930$lBLL01$h1430
=CAT  \\$a12654$b40$c20230327$lBLL01$h0913
=CAT  \\$a12654$b40$c20230327$lBLL01$h0914
=CAT  \\$a12654$b40$c20230327$lBLL01$h0946
=CFI  0\$aCurrent copyright fee: GBP37.92$c24\0$e01-oct-2022$fGBP37.92$g0$hP$5Uk
=CFI  2\$aPrevious copyright fee: GBP36.40$c24\0$e01-jul-2022$fGBP36.40$g0$hP$5Uk
=EST  \\$a1
=FFP  \\$aY$bBLDSS-3PM
=FIN  \\$aY$d20201113
=MNI  \\$a2624-8468
=TOC  \\$aETOC
=UNO  \\$aY
=ACF  \\$aPrevious copyright fee: GBP36.40$c24\0$e16-jan-2020$fGBP36.40$g0$hP$5Uk
=ACF  \\$aPrevious copyright fee: GBP35.00$c24\0$e01-apr-2020$fGBP35.00$g0$hP$5Uk
=ACF  \\$aPrevious copyright fee: GBP36.40$c24\0$e01-jul-2020$fGBP36.40$g0$hP$5Uk
=ACF  \\$aPrevious copyright fee: GBP33.70$c24\0$e01-apr-2021$fGBP33.70$g0$hP$5Uk
=ACF  \\$aPrevious copyright fee: GBP32.50$c24\0$e07-jul-2021$fGBP32.50$g0$hP$5Uk
=LAS  \\$a12654$b40$c20230327$lBLL01$h0946